@article{Bertram2008,
abstract = {The survey of marine Unmanned Surface Vehicles (USVs) covers both actually built and projected USVs. Most USV developments are found in the USA. USVs remain so far limited to small to medium vessels with limited autonomy.},
author = {Bertram, Volker},
file = {:home/pulver/.local/share/data/Mendeley Ltd./Mendeley Desktop/Downloaded/Bertram - 2008 - Unmanned Surface Vehicles – A Survey.pdf:pdf},
journal = {Skibsteknisk Selskab, Copenhagen, Denmark},
pages = {1--14},
title = {{Unmanned Surface Vehicles – A Survey}},
url = {http://www.skibstekniskselskab.dk/public/dokumenter/Skibsteknisk/Download materiale/2008/10 marts 08/USVsurvey{\_}DTU.pdf},
year = {2008}
}
